@Misc{morgan2016,
author = {Steve Morgan},
title = {Cyber Crime Costs Projected To Reach \$2 Trillion by 2019},
month = {Ianuarie},
year = {2016},
note = {\url{http://www.forbes.com/sites/stevemorgan/2016/01/17/cyber-crime-costs-projected-to-reach-2-trillion-by-2019/}, Accesat ianuarie 2017},
}

@Misc{interpol,
author = {Interpol},
title = {Cybercrime},
note = {\url{https://www.interpol.int/Crime-areas/Cybercrime/Cybercrime}, Accesat ianuarie 2017},
}

@Manual{TODO,
title = {TODO},
}

@Manual{aTODO,
title = {aTODO},
}
